% Encoding: UTF-8

@Book{Luzt1979,
  title     = {Manual de alimentos},
  publisher = {Secretaría General de la Organización de los Estados Americanos},
  year      = {1979},
  author    = {Luzt, M.},
  address   = {Bogota},
  month     = may,
  lccn      = {84136360},
  url       = {https://books.google.com.ec/books?id=eq4vAAAAYAAJ},
}

@Book{Rosenauer2002,
  title     = {De la teoría a la práctica: el nuevo código de procedimiento penal : a través de casos desarrollados},
  publisher = {GTZ},
  year      = {2002},
  author    = {Rosenauer, C. and Stippel, J.},
  isbn      = {9789990564747},
  lccn      = {2003480390},
  url       = {https://books.google.com.ec/books?id=6mASzyrw0XgC},
}

@Book{Montes2005,
  title     = {Manual de higiene alimentaria aplicada al sector de la restauración},
  publisher = {Díaz de Santos},
  year      = {2005},
  author    = {Montes, E. and Lloret, I. and López, M.},
  isbn      = {9788479786984},
  url       = {https://books.google.com.ec/books?id=CzS9YnHWxz8C},
}

@Book{Sacancela2000,
  title     = {Escuela politecnica nacional},
  publisher = {INIAP Archivo Historico},
  year      = {2000},
  author    = {Sacancela, B.},
  url       = {https://books.google.com.ec/books?id=ApQzAQAAMAAJ},
}

@Book{Campell2004,
  title     = {Introducción a la tecnología de alimentos},
  publisher = {Editorial Limusa S.A. De C.V.},
  year      = {2004},
  author    = {Campell, J.},
  series    = {Area ingenier{\'\i}a qu{\'\i}mica},
  isbn      = {9789681863685},
  url       = {https://books.google.com.ec/books?id=V2IqmVapJWkC},
}

@Book{Alvarez2005,
  title     = {La seguridad integral europea},
  publisher = {Lex Nova},
  year      = {2005},
  author    = {Alvarez, L. and Jiménez, L.},
  series    = {Colección Derecho público},
  isbn      = {9788484066668},
  lccn      = {2007354698},
  url       = {https://books.google.com.ec/books?id=o5gutLYN0MsC},
}

@Book{Ibarz2005,
  title     = {Operaciones unitarias en la ingeniería de alimentos},
  publisher = {Mundi Prensa Libros},
  year      = {2005},
  author    = {Ibarz, A. and Ribas, A.},
  series    = {Tecnología de los alimentos},
  isbn      = {9788484764519},
  url       = {https://books.google.com.ec/books?id=Bb4J6pzmG\_wC},
}

@Book{Yunus2007,
  title  = {Transferencia de calor y masa},
  year   = {2007},
  author = {Yunus, A. and Cengel},
  editor = {Mc Granw Gill},
  isbn   = {978-970-10-6173-2},
  url    = {https://www.u-cursos.cl/usuario/cfd91cf1d8924f74aa09d82a334726d1/mi_blog/r/Transferencia_de_Calor_y_Masa_-_Yunus_Cengel_-_Tercera_Edicion.pdf},
}

@Book{Levenspiel2004,
  title     = {Flujo de fluidos e intercambio de calor},
  publisher = {Editorial Reverté, S.A.},
  year      = {2004},
  author    = {Levenspiel, O.},
  series    = {Flujo de fluidos e intercambio de calor},
  isbn      = {9789686708387},
  url       = {https://books.google.com.ec/books?id=-PwSZ\_BMaXoC},
}

@Comment{jabref-meta: databaseType:bibtex;}
